<record><leader>00000cas a22000007a 4500</leader><controlfield tag="001">23117328</controlfield><controlfield tag="008">910219d192519uucouuu ne      0    0eng d</controlfield><datafield ind1=" " ind2=" " tag="010"><subfield code="a">sn 91052111 </subfield></datafield><datafield ind1=" " ind2=" " tag="040"><subfield code="a">CNQ</subfield><subfield code="b">eng</subfield><subfield code="c">CNQ</subfield><subfield code="d">OCLCQ</subfield></datafield><datafield ind1=" " ind2=" " tag="042"><subfield code="a">msc</subfield></datafield><datafield ind1="0" ind2="4" tag="245"><subfield code="a">The Kremmling register.</subfield></datafield><datafield ind1="1" ind2="3" tag="246"><subfield code="a">Middle Park times and Kremmling news and the Kremmling register</subfield></datafield><datafield ind1=" " ind2=" " tag="260"><subfield code="a">Kremmling, Grand County, Colo. :</subfield><subfield code="b">Thomas W. Houston</subfield></datafield><datafield ind1=" " ind2=" " tag="300"><subfield code="a">v.</subfield></datafield><datafield ind1="1" ind2=" " tag="362"><subfield code="a">Began in 1925.</subfield></datafield><datafield ind1=" " ind2=" " tag="580"><subfield code="a">Issued with: Middle Park times and Kremmling news.</subfield></datafield><datafield ind1=" " ind2=" " tag="588"><subfield code="a">Description based on: Vol. 1, no. 48 (May 27, 1926).</subfield></datafield><datafield ind1=" " ind2=" " tag="752"><subfield code="a">United States</subfield><subfield code="b">Colorado</subfield><subfield code="c">Grand</subfield><subfield code="d">Kremmling.</subfield></datafield><datafield ind1="1" ind2=" " tag="777"><subfield code="t">Middle Park times and Kremmling news</subfield><subfield code="w">(DLC)sn 91052120</subfield></datafield><datafield ind1="0" ind2="0" tag="785"><subfield code="t">Continuing the Kremmling register</subfield><subfield code="w">(DLC)sn 91052499</subfield></datafield></record>